<record xmlns="http://www.loc.gov/MARC21/slim" xmlns:xsi="http://www.w3.org/2001/XMLSchema-instance" xsi:schemaLocation="http://www.loc.gov/MARC21/slim http://www.loc.gov/standards/marcxml/schema/MARC21slim.xsd"><leader>     nam a22        4500</leader><controlfield tag="001">3089057</controlfield><controlfield tag="003">NNC</controlfield><controlfield tag="006">m        d        </controlfield><controlfield tag="007">cr cn |||m|||a</controlfield><controlfield tag="008">150313s1954    ua a    o     000 0 ara d</controlfield><datafield ind1=" " ind2=" " tag="040"><subfield code="a">NNU</subfield><subfield code="b">eng</subfield><subfield code="e">rda</subfield><subfield code="c">NNU</subfield></datafield><datafield ind1=" " ind2="4" tag="050"><subfield code="a">PK2199.I65</subfield><subfield code="b">Z59135 1954</subfield></datafield><datafield ind1="1" ind2=" " tag="100"><subfield code="6">880-01</subfield><subfield code="a">&#699;Azza&#772;m, &#699;Abd al-Wahha&#772;b.</subfield></datafield><datafield ind1="1" ind2="0" tag="245"><subfield code="6">880-02</subfield><subfield code="a">Muh&#803;ammad Iqba&#772;l,</subfield><subfield code="b">si&#772;ratuhu wa-falsafatuhu wa-shi&#699;ruhu ...</subfield></datafield><datafield ind1=" " ind2=" " tag="260"><subfield code="6">880-03</subfield><subfield code="a">[Cairo]</subfield><subfield code="b">Mat&#803;bu&#772;&#699;a&#772;t Ba&#772;kista&#772;n,</subfield><subfield code="c">1954.</subfield></datafield><datafield ind1=" " ind2=" " tag="300"><subfield code="a">online resource (192 pages) :</subfield><subfield code="b">illustrations</subfield></datafield><datafield ind1=" " ind2=" " tag="336"><subfield code="a">text</subfield><subfield code="2">rdacontent</subfield></datafield><datafield ind1=" " ind2=" " tag="337"><subfield code="a">computer</subfield><subfield code="2">rdamedia</subfield></datafield><datafield ind1=" " ind2=" " tag="338"><subfield code="a">online resource</subfield><subfield code="2">rdacarrier</subfield></datafield><datafield ind1=" " ind2=" " tag="500"><subfield code="a">Part of the Arabic Collections Online (ACO) project, contributed by Columbia University Libraries.</subfield></datafield><datafield ind1=" " ind2=" " tag="533"><subfield code="a">Electronic reproduction.</subfield><subfield code="b">New York, N.Y. :</subfield><subfield code="c">New York University,</subfield><subfield code="d">2015.</subfield><subfield code="5">NNU</subfield></datafield><datafield ind1=" " ind2=" " tag="546"><subfield code="a">In Arabic.</subfield></datafield><datafield ind1="1" ind2="0" tag="600"><subfield code="a">Iqbal, Muhammad,</subfield><subfield code="c">Sir,</subfield><subfield code="d">1877-1938.</subfield></datafield><datafield ind1="1" ind2="7" tag="600"><subfield code="a">Iqbal, Muhammad,</subfield><subfield code="c">Sir,</subfield><subfield code="d">1877-1938</subfield><subfield code="2">fast</subfield><subfield code="0">(OCoLC)fst00043214</subfield></datafield><datafield ind1="2" ind2=" " tag="710"><subfield code="a">Columbia University.</subfield><subfield code="b">Libraries.</subfield></datafield><datafield ind1="0" ind2=" " tag="730"><subfield code="a">Arabic Collections Online.</subfield></datafield><datafield ind1="0" ind2="8" tag="776"><subfield code="i">Print version:</subfield><subfield code="a">&#699;Azza&#772;m, &#699;Abd al-Wahha&#772;b.</subfield><subfield code="t">Muh&#803;ammad Iqba&#772;l</subfield><subfield code="w">(NNC)3089057</subfield><subfield code="w">(OCoLC)43536931</subfield></datafield><datafield ind1="4" ind2="0" tag="856"><subfield code="u">http://hdl.handle.net/2333.1/jdfn31jx</subfield></datafield><datafield ind1="1" ind2=" " tag="880"><subfield code="6">100-01/r</subfield><subfield code="a">&#1593;&#1586;&#1575;&#1605;&#1548; &#1593;&#1576;&#1583; &#1575;&#1604;&#1608;&#1607;&#1575;&#1576;.</subfield></datafield><datafield ind1="1" ind2="0" tag="880"><subfield code="6">245-02/r</subfield><subfield code="a">&#1605;&#1581;&#1605;&#1583; &#1573;&#1602;&#1576;&#1575;&#1604; :</subfield><subfield code="b">&#1587;&#1610;&#1585;&#1578;&#1607; &#1608;&#1601;&#1604;&#1587;&#1601;&#1578;&#1607; &#1608;&#1588;&#1593;&#1585;&#1607; /</subfield><subfield code="c">&#1593;&#1576;&#1583; &#1575;&#1604;&#1608;&#1607;&#1575;&#1576; &#1593;&#1586;&#1575;&#1605;.</subfield></datafield><datafield ind1=" " ind2=" " tag="880"><subfield code="6">260-03/r</subfield><subfield code="a">[&#1575;&#1604;&#1602;&#1575;&#1607;&#1585;&#1577;] :&#1605;&#1591;&#1576;&#1593;&#1577; &#1576;&#1575;&#1603;&#1587;&#1578;&#1575;&#1606;&#1548;</subfield><subfield code="c">1954.</subfield></datafield><datafield ind1=" " ind2=" " tag="959"><subfield code="a">NNU</subfield><subfield code="b">WEB</subfield><subfield code="c">GENI</subfield><subfield code="t">0</subfield><subfield code="m">Electronic access</subfield><subfield code="s">01</subfield></datafield><datafield ind1=" " ind2=" " tag="999"><subfield code="i">NNC_3089057</subfield><subfield code="o">(OCoLC)ocm43536931 </subfield><subfield code="s">columbia_aco000583</subfield></datafield></record>